
# Boar

@misc{boar_homepage,
    author = "Mats Ekberg and others",
    title = "Boar",
    note = {\url{http://www.boarvcs.org/}},
}


# Camlistore

@misc{camlistore_homepage,
    author = "Brad Fitzpatrick and others",
    title = "Camlistore is your personal storage system for life",
    note = {\url{https://camlistore.org/}},
}


# Dat

@misc{dat_homepage,
    author = "Max Ogden and Mathias Buus and Karissa McKelvey and others",
    title = "{Dat Data}",
    note = {\url{http://dat-data.com/}},
}


# Eyo

@inproceedings{Strauss:2011:EDP:2002181.2002216,
 author = {Strauss, Jacob and Paluska, Justin Mazzola and Lesniewski-Laas, Chris and Ford, Bryan and Morris, Robert and Kaashoek, Frans},
 title = {Eyo: Device-transparent Personal Storage},
 booktitle = {Proceedings of the 2011 USENIX Conference on USENIX Annual Technical Conference},
 series = {USENIXATC'11},
 year = {2011},
 location = {Portland, OR},
 pages = {35--35},
 numpages = {1},
 url = {http://dl.acm.org/citation.cfm?id=2002181.2002216},
 acmid = {2002216},
 publisher = {USENIX Association},
 address = {Berkeley, CA, USA},
}


# IPFS

@misc{ipfs_github_main,
    author = "Juan Benet and others",
    title = "{IPFS}: The Interplanetary Filesystem",
    howpublished = "{GitHub}",
    year = 2014,
    note = {\url{https://github.com/ipfs/ipfs}},
}


#Kademlia

@Inbook{Maymounkov2002,
author="Maymounkov, Petar
and Mazi{\`e}res, David",
editor="Druschel, Peter
and Kaashoek, Frans
and Rowstron, Antony",
title="Kademlia: A Peer-to-Peer Information System Based on the XOR Metric",
bookTitle="Peer-to-Peer Systems: First InternationalWorkshop, IPTPS 2002 Cambridge, MA, USA, March 7--8, 2002 Revised Papers",
year="2002",
publisher="Springer Berlin Heidelberg",
address="Berlin, Heidelberg",
pages="53--65",
isbn="978-3-540-45748-0",
doi="10.1007/3-540-45748-8_5",
url="http://dx.doi.org/10.1007/3-540-45748-8_5"
}
