# Concepts
# ==================================================

# CAP Theorem

@INPROCEEDINGS{cap_origin, 
author={A. Fox and E. A. Brewer}, 
booktitle={Proceedings of the Seventh Workshop on Hot Topics in Operating Systems}, 
title={Harvest, yield, and scalable tolerant systems}, 
year={1999}, 
pages={174-178}, 
keywords={Internet;fault tolerant computing;parallel programming;Internet applications;engineering mechanisms;fault isolation;graceful degradation;high availability;output behavior;research program;robustness requirements;scalable tolerant systems;state management;Application software;Availability;Costs;Degradation;Internet;Read only memory;Routing;Search engines;Transaction databases;Web server}, 
doi={10.1109/HOTOS.1999.798396}, 
month={},}


@ARTICLE{cap_years_later, 
author={E. Brewer}, 
journal={Computer}, 
title={CAP twelve years later: How the \enquote{rules} have changed}, 
year={2012}, 
volume={45}, 
number={2}, 
pages={23-29}, 
keywords={theorem proving;CAP theorem;Software Engineering Radio;Web extra;consistency-availability-partition tolerance theorem;networked shared-data system;partition handling;Cloud computing;Data processing;Distributed databases;Relational databases;ACID;BASE;CAP theorem;cloud computing}, 
doi={10.1109/MC.2012.37}, 
ISSN={0018-9162}, 
month={02},
}

# End-to-end argument

@article{endtoendargument,
 author = {Saltzer, J. H. and Reed, D. P. and Clark, D. D.},
 title = {End-to-end Arguments in System Design},
 journal = {ACM Trans. Comput. Syst.},
 issue_date = {Nov. 1984},
 volume = {2},
 number = {4},
 month = nov,
 year = {1984},
 issn = {0734-2071},
 pages = {277--288},
 numpages = {12},
 url = {http://doi.acm.org/10.1145/357401.357402},
 doi = {10.1145/357401.357402},
 acmid = {357402},
 publisher = {ACM},
 address = {New York, NY, USA},
 keywords = {data communication, design principles, protocol design},
} 

# Rolling hash

@misc{rsyncrypto_algorithm,
    title = "Rsyncrypto algorithm",
    howpublished = "Rsyncrypto home page",
    author = "Shachar Shemesh",
    url = {https://rsyncrypto.lingnu.com/index.php/Algorithm},
    urldate = {2017-04-17},
}


# Systems (alphebetical)
# ==================================================

# bup

@misc{bup_homepage,
    author = "Avery Pennarun and Rob Browning and others",
    title = "bup, it backs things up",
    url = {https://bup.github.io/},
}


# Boar

@misc{boar_homepage,
    author = "Mats Ekberg and others",
    title = "Boar",
    url = {http://www.boarvcs.org/},
}


# Camlistore

@misc{camlistore_homepage,
    author = "Brad Fitzpatrick and others",
    title = "Camlistore is your personal storage system for life",
    url = {https://camlistore.org/},
}


# Dat

@misc{dat_homepage,
    author = "Max Ogden and Mathias Buus and Karissa McKelvey and others",
    title = "{Dat Data}",
    url = {http://dat-data.com/},
}


# Eyo

@inproceedings{Strauss:2011:EDP:2002181.2002216,
 author = {Strauss, Jacob and Paluska, Justin Mazzola and Lesniewski-Laas, Chris and Ford, Bryan and Morris, Robert and Kaashoek, Frans},
 title = {Eyo: Device-transparent Personal Storage},
 booktitle = {Proceedings of the 2011 USENIX Conference on USENIX Annual Technical Conference},
 series = {USENIXATC'11},
 year = {2011},
 location = {Portland, OR},
 pages = {35--35},
 numpages = {1},
 url = {http://dl.acm.org/citation.cfm?id=2002181.2002216},
 acmid = {2002216},
 publisher = {USENIX Association},
 address = {Berkeley, CA, USA},
}


# IPFS

@misc{ipfs_github_main,
    author = "Juan Benet and others",
    title = "{IPFS}: The Interplanetary Filesystem",
    howpublished = "{GitHub}",
    date = {2014},
    url = {https://github.com/ipfs/ipfs},
}


#Kademlia

@Inbook{Maymounkov2002,
author="Maymounkov, Petar
and Mazi{\`e}res, David",
editor="Druschel, Peter
and Kaashoek, Frans
and Rowstron, Antony",
title="Kademlia: A Peer-to-Peer Information System Based on the XOR Metric",
bookTitle="Peer-to-Peer Systems: First InternationalWorkshop, IPTPS 2002 Cambridge, MA, USA, March 7--8, 2002 Revised Papers",
year="2002",
publisher="Springer Berlin Heidelberg",
address="Berlin, Heidelberg",
pages="53--65",
isbn="978-3-540-45748-0",
doi="10.1007/3-540-45748-8_5",
url="http://dx.doi.org/10.1007/3-540-45748-8_5"
}


# Git


@misc{linus_no_backups,
    author = "Linus Torvalds",
    title = "V2.0.8",
    date = {1996-07},
    howpublished = "Linux Kernel Mailing List",
    url = {http://www.webcitation.org/6P8EBZqQX},
    urldate={2017-04-07},
}

@inproceedings{redesign_of_git,
 author = {De Rosso, Santiago Perez and Jackson, Daniel},
 title = {Purposes, Concepts, Misfits, and a Redesign of Git},
 booktitle = {Proceedings of the 2016 ACM SIGPLAN International Conference on Object-Oriented Programming, Systems, Languages, and Applications},
 series = {OOPSLA 2016},
 year = {2016},
 isbn = {978-1-4503-4444-9},
 location = {Amsterdam, Netherlands},
 pages = {292--310},
 numpages = {19},
 url = {http://doi.acm.org/10.1145/2983990.2984018},
 doi = {10.1145/2983990.2984018},
 acmid = {2984018},
 publisher = {ACM},
 address = {New York, NY, USA},
 keywords = {Git, concept design, concepts, design, software design, usability, version control},
} 


# git-annex

@misc{git_annex_homepage,
    author = "Joey Hess and others",
    title = "git-annex",
    date = {2015},
    url = {http://git-annex.branchable.com/},
}


# git-media

@misc{git_media_github,
    author = "Scott Chacon and Alex Lebedev and others",
    title = "git-media",
    url = {https://github.com/alebedev/git-media},
}
